<record><leader>00000cas a22000007a 4500</leader><controlfield tag="001">10405995</controlfield><controlfield tag="008">840211d18331835ohuwr ne      0    0eng d</controlfield><controlfield tag="009">3783</controlfield><datafield ind1=" " ind2=" " tag="010"><subfield code="a">sn 84028075 </subfield></datafield><datafield ind1=" " ind2=" " tag="040"><subfield code="a">NPY</subfield><subfield code="b">eng</subfield><subfield code="c">NPY</subfield><subfield code="d">DLC</subfield><subfield code="d">ONP</subfield><subfield code="d">CNK</subfield><subfield code="d">OCLCQ</subfield></datafield><datafield ind1=" " ind2=" " tag="042"><subfield code="a">msc</subfield></datafield><datafield ind1="0" ind2="0" tag="050"><subfield code="a">Newspaper 9220</subfield></datafield><datafield ind1="0" ind2="0" tag="245"><subfield code="a">Chardon spectator and Geauga gazette.</subfield></datafield><datafield ind1="1" ind2="3" tag="246"><subfield code="a">Spectator &amp; gazette</subfield></datafield><datafield ind1="1" ind2="3" tag="246"><subfield code="a">Spectator and gazette</subfield></datafield><datafield ind1=" " ind2=" " tag="260"><subfield code="a">Chardon, Ohio :</subfield><subfield code="b">A. Phelps,</subfield><subfield code="c">1833-1835.</subfield></datafield><datafield ind1=" " ind2=" " tag="300"><subfield code="a">2 v. ;</subfield><subfield code="c">50 cm.</subfield></datafield><datafield ind1=" " ind2=" " tag="310"><subfield code="a">Weekly</subfield></datafield><datafield ind1="0" ind2=" " tag="362"><subfield code="a">New ser., v. 3, no. 1 (July 27, 1833)-new ser., v. 5, no. 19 (Nov. 27, 1835) = whole no. 248-</subfield></datafield><datafield ind1=" " ind2=" " tag="500"><subfield code="a">"National Republican, 1833-1834; Whig, 1834-1835." Cf. Gutgesell, S. Guide to Ohio newspapers, 1974.</subfield></datafield><datafield ind1=" " ind2=" " tag="515"><subfield code="a">New ser., v. 4, no. 24 (Jan. 3, 1835) misdated 1834.</subfield></datafield><datafield ind1="1" ind2=" " tag="700"><subfield code="a">Phelps, Alfred.</subfield></datafield><datafield ind1=" " ind2=" " tag="752"><subfield code="a">United States</subfield><subfield code="b">Ohio</subfield><subfield code="c">Geauga</subfield><subfield code="d">Chardon.</subfield></datafield><datafield ind1="0" ind2="0" tag="780"><subfield code="t">Geauga gazette</subfield><subfield code="w">(DLC)sn 84028165</subfield></datafield><datafield ind1="0" ind2="4" tag="785"><subfield code="t">Toledo gazette</subfield><subfield code="w">(DLC)sn 87076708</subfield></datafield></record>